<!------------------------------>
<!-- 1. BIBLIOGRAPHIC records -->
<!------------------------------>


<?xml version="1.0" encoding="UTF-8"?>
<collection xmlns="http://www.loc.gov/MARC21/slim">
  <record>
    <datafield tag="024" ind1="7" ind2=" ">
      <subfield code="2">DOI</subfield>
      <subfield code="a">10.5281/zenodo.11978</subfield>
    </datafield>
    <datafield tag="520" ind1=" " ind2=" ">
      <subfield code="a">
        A R package for Geothermal and Geoheat Energy analysis and assessment
      </subfield>
    </datafield>
    <datafield tag="540" ind1=" " ind2=" ">
      <subfield code="u"/>
      <subfield code="a">Other (Open)</subfield>
    </datafield>
    <datafield tag="650" ind1="1" ind2="7">
      <subfield code="a">other-open</subfield>
      <subfield code="2">opendefinition.org</subfield>
    </datafield>
    <datafield tag="245" ind1=" " ind2=" ">
      <subfield code="a">geothermaR: Test release</subfield>
    </datafield>
    <datafield tag="542" ind1=" " ind2=" ">
      <subfield code="l">open</subfield>
    </datafield>
    <datafield tag="856" ind1="4" ind2=" ">
      <subfield code="s">33405</subfield>
      <subfield code="u">
        https://zenodo.org/record/11978/files/geothermaR-v0.0.1.zip
      </subfield>
      <subfield code="z">0</subfield>
    </datafield>
    <datafield tag="909" ind1="C" ind2="O">
      <subfield code="o">oai:zenodo.org:11978</subfield>
      <subfield code="p">user-zenodo</subfield>
    </datafield>
    <datafield tag="980" ind1=" " ind2=" ">
      <subfield code="a">user-zenodo</subfield>
    </datafield>
    <datafield tag="980" ind1=" " ind2=" ">
      <subfield code="a">software</subfield>
    </datafield>
    <datafield tag="260" ind1=" " ind2=" ">
      <subfield code="c">2014-10-07</subfield>
    </datafield>
    <datafield tag="347" ind1=" " ind2=" ">
      <subfield code="p">2</subfield>
    </datafield>
    <datafield tag="100" ind1=" " ind2=" ">
      <subfield code="u">Kyoto University</subfield>
      <subfield code="a">Bingwei Tian</subfield>
    </datafield>
    <datafield tag="773" ind1=" " ind2=" ">
      <subfield code="a">https://github.com/bwtian/geothermaR/tree/v0.0.1</subfield>
      <subfield code="i">isSupplementTo</subfield>
      <subfield code="n">url</subfield>
    </datafield>
  </record>