

  <record>
    <datafield tag="100" ind1=" " ind2=" ">
      <subfield code="u">EMBL-European Bioinformatics Institute</subfield>
      <subfield code="a">Parkinson, Helen</subfield>
    </datafield>
    <datafield tag="520" ind1=" " ind2=" ">
      <subfield code="a">
        <p>BioMedBridges deliverable 4.1 described summary scientific use cases for the federated web<br /> service strategy for integration by WP4. For the present deliverable, this work was<br /> expanded on by:</p> <ul> <li>examining the technical status of the WP4 contributors and other partners within BioMedBridges and assessing whether the technical plan is feasible</li> <li>determining which use cases can be delivered with existing technology and which will require de novo development of web services and</li> <li>clarifying external dependencies, such as e.g. authentication software for WP5 or limitations imposed by the RDF technology to be adopted in the latter stages of the project.</li> </ul> <p>As there are dependencies between WP3 (standards) and WP4 (technical integration), a joint survey was circulated to all participating research infrastructures to assess the current use of standards, the scientific use cases, the technical approach within each infrastructure, and the current uses of research data. The survey questions, results and a summary are included in Appendix 1, 2 and 3 to this document and are analysed here. In addition, a joint technical workshop was organised by WP3 and 4 that was also attended by WP5 members and members of the use cases. The results from this workshop, a report of which is included in Appendix 4 to this document, have flown into this deliverable and will make a significant contribution towards the further development of the technical integration strategy within the project.</p>
      </subfield>
    </datafield>
    <datafield tag="540" ind1=" " ind2=" ">
      <subfield code="u">http://www.opendefinition.org/licenses/cc-by</subfield>
      <subfield code="a">Creative Commons Attribution</subfield>
    </datafield>
    <datafield tag="650" ind1="1" ind2="7">
      <subfield code="a">cc-by</subfield>
      <subfield code="2">opendefinition.org</subfield>
    </datafield>
    <datafield tag="245" ind1=" " ind2=" ">
      <subfield code="a">
        Assessment of feasible data integration paths in BioMedBridges databases
      </subfield>
    </datafield>
    <datafield tag="856" ind1="4" ind2=" ">
      <subfield code="s">1898432</subfield>
      <subfield code="u">
        https://zenodo.org/record/11889/files/BioMedBridges_D4-2_Assessment_of_feasible_data_integration_paths_in_BioMedBridges_databases_.pdf
      </subfield>
      <subfield code="z">0</subfield>
    </datafield>
    <datafield tag="856" ind1="4" ind2=" ">
      <subfield code="s">12025</subfield>
      <subfield code="u">
        https://zenodo.org/record/11889/files/BioMedBridges_D4-2_Assessment_of_feasible_data_integration_paths_in_BioMedBridges_databases_.png?subformat=icon-90
      </subfield>
      <subfield code="x">icon-90</subfield>
    </datafield>
    <datafield tag="909" ind1="C" ind2="O">
      <subfield code="o">oai:zenodo.org:11889</subfield>
      <subfield code="p">openaire</subfield>
      <subfield code="p">user-zenodo</subfield>
      <subfield code="p">user-ecfunded</subfield>
    </datafield>
    <datafield tag="980" ind1=" " ind2=" ">
      <subfield code="a">user-zenodo</subfield>
    </datafield>
    <datafield tag="980" ind1=" " ind2=" ">
      <subfield code="a">user-ecfunded</subfield>
    </datafield>
    <datafield tag="980" ind1=" " ind2=" ">
      <subfield code="b">report</subfield>
      <subfield code="a">publication</subfield>
    </datafield>
    <datafield tag="536" ind1=" " ind2=" ">
      <subfield code="c">284209</subfield>
      <subfield code="a">
        BIOMEDBRIDGES - Building data bridges between biological and medical infrastructures in Europe (284209)
      </subfield>
    </datafield>
    <datafield tag="653" ind1="1" ind2=" ">
      <subfield code="a">BioMedBridges</subfield>
    </datafield>
    <datafield tag="653" ind1="1" ind2=" ">
      <subfield code="a">data integration</subfield>
    </datafield>
    <datafield tag="260" ind1=" " ind2=" ">
      <subfield code="c">2014-09-25</subfield>
    </datafield>
    <datafield tag="347" ind1=" " ind2=" ">
      <subfield code="p">50</subfield>
    </datafield>
    <datafield tag="700" ind1=" " ind2=" ">
      <subfield code="u">EMBL-European Bioinformatics Institute</subfield>
      <subfield code="a">Conte, Nathalie</subfield>
    </datafield>
    <datafield tag="700" ind1=" " ind2=" ">
      <subfield code="u">EMBL-European Bioinformatics Institute</subfield>
      <subfield code="a">Jenkinson, Andy</subfield>
    </datafield>
    <datafield tag="542" ind1=" " ind2=" ">
      <subfield code="l">open</subfield>
    </datafield>
    <datafield tag="024" ind1="7" ind2=" ">
      <subfield code="2">DOI</subfield>
      <subfield code="a">10.5281/zenodo.11889</subfield>
    </datafield>
  </record>