

  <record>
    <datafield tag="024" ind1="7" ind2=" ">
      <subfield code="2">DOI</subfield>
      <subfield code="a">10.3389/fmars.2014.00037</subfield>
    </datafield>
    <datafield tag="035" ind1=" " ind2=" ">
      <subfield code="a">2656223</subfield>
      <subfield code="9">Altmetric</subfield>
    </datafield>
    <datafield tag="520" ind1=" " ind2=" ">
      <subfield code="a">
        <p>In recent years new biological and physical controls have been suggested to drive phytoplankton bloom dynamics in the North Atlantic. A better understanding of the mechanisms driving primary production has potentially important implications for the understanding of the biological carbon pump, as it has for prediction of the system in climate change scenarios. However, the scientific discussion regarding this topic has generally failed to integrate the different drivers into a coherent picture, often rendering the proposed mechanisms exclusive to each other. We feel that the suggested mechanisms are not mutually exclusive, but rather complementary. Thus, moving beyond the &ldquo;single mechanism&rdquo; point of view, here we present an integrated conceptual model of the physical and biological controls on phytoplankton dynamics in the North Atlantic. Further we believe that the acclimation of physiological rates can play an important role in mediating phytoplankton dynamics. Thus, this view emphasizes the occurrence of multiple controls and relates their variations in impact to climate change.</p>
      </subfield>
    </datafield>
    <datafield tag="540" ind1=" " ind2=" ">
      <subfield code="u">http://www.opendefinition.org/licenses/cc-by</subfield>
      <subfield code="a">Creative Commons Attribution</subfield>
    </datafield>
    <datafield tag="650" ind1="1" ind2="7">
      <subfield code="a">cc-by</subfield>
      <subfield code="2">opendefinition.org</subfield>
    </datafield>
    <datafield tag="245" ind1=" " ind2=" ">
      <subfield code="a">
        A seasonal diary of phytoplankton in the North Atlantic
      </subfield>
    </datafield>
    <datafield tag="542" ind1=" " ind2=" ">
      <subfield code="l">open</subfield>
    </datafield>
    <datafield tag="856" ind1="4" ind2=" ">
      <subfield code="s">34135</subfield>
      <subfield code="u">
        https://zenodo.org/record/11627/files/Lindemann__St_John_2014._AseasonaldiaryofphytoplanktonintheNorthAtlantic_Frontiers_in_Marine_Science.png?subformat=icon-90
      </subfield>
      <subfield code="x">icon-90</subfield>
    </datafield>
    <datafield tag="856" ind1="4" ind2=" ">
      <subfield code="s">612948</subfield>
      <subfield code="u">
        https://zenodo.org/record/11627/files/Lindemann__St_John_2014._AseasonaldiaryofphytoplanktonintheNorthAtlantic_Frontiers_in_Marine_Science.pdf
      </subfield>
      <subfield code="z">0</subfield>
    </datafield>
    <datafield tag="909" ind1="C" ind2="O">
      <subfield code="o">oai:zenodo.org:11627</subfield>
      <subfield code="p">openaire</subfield>
      <subfield code="p">user-zenodo</subfield>
      <subfield code="p">user-ecfunded</subfield>
    </datafield>
    <datafield tag="980" ind1=" " ind2=" ">
      <subfield code="a">user-zenodo</subfield>
    </datafield>
    <datafield tag="980" ind1=" " ind2=" ">
      <subfield code="a">user-ecfunded</subfield>
    </datafield>
    <datafield tag="980" ind1=" " ind2=" ">
      <subfield code="b">book</subfield>
      <subfield code="a">publication</subfield>
    </datafield>
    <datafield tag="536" ind1=" " ind2=" ">
      <subfield code="c">264933</subfield>
      <subfield code="a">
        EURO-BASIN - European Union Basin-scale Analysis, Synthesis and Integration (EURO-BASIN) (264933)
      </subfield>
    </datafield>
    <datafield tag="653" ind1="1" ind2=" ">
      <subfield code="a">
        North Atlantic Ocean, phytoplankton spring bloom, abiotic and biotic controls, conceptual model, climate change
      </subfield>
    </datafield>
    <datafield tag="260" ind1=" " ind2=" ">
      <subfield code="c">2014-09-07</subfield>
    </datafield>
    <datafield tag="700" ind1=" " ind2=" ">
      <subfield code="u">
        National Institute of Aquatic Resources, Technical University of Denmark, Charlottenlund, Denmark
      </subfield>
      <subfield code="a">St John, Michael</subfield>
    </datafield>
    <datafield tag="100" ind1=" " ind2=" ">
      <subfield code="u">
        National Institute of Aquatic Resources, Technical University of Denmark, Charlottenlund, Denmark
      </subfield>
      <subfield code="a">Lindemann, Christian</subfield>
    </datafield>
  </record>