

  <record>
    <datafield tag="856" ind1="4" ind2=" ">
      <subfield code="u">
        http://zenodo.cern.ch/record/822/files/Costello et al PLOS ONE 2010.pdf
      </subfield>
    </datafield>
    <datafield tag="856" ind1="4" ind2=" ">
      <subfield code="u">
        http://zenodo.cern.ch/record/822/files/Costello et al PLOS ONE 2010.png?subformat=icon-90
      </subfield>
      <subfield code="x">icon-90</subfield>
    </datafield>
    <datafield tag="856" ind1="4" ind2=" ">
      <subfield code="u">
        http://zenodo.org/record/822/files/Costello et al PLOS ONE 2010.pdf
      </subfield>
    </datafield>
    <datafield tag="856" ind1="4" ind2=" ">
      <subfield code="u">
        http://zenodo.org/record/822/files/Costello et al PLOS ONE 2010.png?subformat=icon-90
      </subfield>
      <subfield code="x">icon-90</subfield>
    </datafield>
    <datafield tag="536" ind1=" " ind2=" ">
      <subfield code="a">
        HERMIONE - Hotspot Ecosystem Research and Man's Impact on European seas (226354)
      </subfield>
      <subfield code="c">226354</subfield>
    </datafield>
    <datafield tag="542" ind1=" " ind2=" ">
      <subfield code="l">open</subfield>
    </datafield>
    <datafield tag="909" ind1="C" ind2="4">
      <subfield code="n">8, e12110</subfield>
      <subfield code="p">PloS one</subfield>
      <subfield code="v">5</subfield>
      <subfield code="y">2010</subfield>
    </datafield>
    <datafield tag="909" ind1="C" ind2="O">
      <subfield code="o">oai:openaire.cern.ch:822</subfield>
      <subfield code="p">openaire</subfield>
      <subfield code="p">user-zenodo</subfield>
      <subfield code="p">user-ecfunded</subfield>
      <subfield code="q">EC_fundedresources</subfield>
    </datafield>
    <datafield tag="980" ind1=" " ind2=" ">
      <subfield code="a">publication</subfield>
      <subfield code="b">article</subfield>
    </datafield>
    <datafield tag="980" ind1=" " ind2=" ">
      <subfield code="a">user-zenodo</subfield>
    </datafield>
    <datafield tag="980" ind1=" " ind2=" ">
      <subfield code="a">user-ecfunded</subfield>
    </datafield>
    <datafield tag="700" ind1=" " ind2=" ">
      <subfield code="a">Coll, Marta</subfield>
      <subfield code="u">Dalhousie University, Halifax, Canada,</subfield>
    </datafield>
    <datafield tag="700" ind1=" " ind2=" ">
      <subfield code="a">Danovaro, Roberto</subfield>
      <subfield code="u">
        Department of Marine Sciences, Polytechnic University of Marche, Ancona, Italy,
      </subfield>
    </datafield>
    <datafield tag="700" ind1=" " ind2=" ">
      <subfield code="a">Halpin, Pat</subfield>
      <subfield code="u">
        Nicholas School of the Environment, Duke University, Durham, North Carolina,USA,
      </subfield>
    </datafield>
    <datafield tag="700" ind1=" " ind2=" ">
      <subfield code="a">Ojaveer, Henn</subfield>
      <subfield code="u">
        Estonian Marine Institute, University of Tartu, Parnu, Estonia,
      </subfield>
    </datafield>
    <datafield tag="700" ind1=" " ind2=" ">
      <subfield code="a">Miloslavich, Patricia</subfield>
      <subfield code="u">
        Departamento de Estudios Ambientales and Centro de Biodiversidad Marina, Universidad Simon Bolivar, Caracas, Venezuela
      </subfield>
    </datafield>
    <datafield tag="245" ind1=" " ind2=" ">
      <subfield code="a">
        A Census of Marine Biodiversity Knowledge, Resources, and Future Challenges
      </subfield>
    </datafield>
    <datafield tag="024" ind1="7" ind2=" ">
      <subfield code="2">DOI</subfield>
      <subfield code="a">10.1371/journal.pone.0012110</subfield>
    </datafield>
    <datafield tag="035" ind1=" " ind2=" ">
      <subfield code="a">425143</subfield>
      <subfield code="9">Altmetric</subfield>
    </datafield>
    <datafield tag="260" ind1=" " ind2=" ">
      <subfield code="c">2010-08-02</subfield>
    </datafield>
    <datafield tag="520" ind1=" " ind2=" ">
      <subfield code="a">
        The Census of Marine Life (2000–2010) was the largest global research programme on marine biodiversity. This paper integrated the findings of reviews of major world regions by the Census and provides a global perspective on what is known and what are the major scientific gaps. Study metrics were regional species richness, numbers of endemic and alien species, numbers of species identification guides and taxonomic experts, and a state-ofknowledge index. The threats to biodiversity were classified across the regions. A poor to moderate correlation between species richness and seabed area, and sea volume, and no correlations with topographic variation, were attributed to sparse, uneven and unrepresentative sampling in much of the global marine environment. Many habitats have been poorly sampled, particularly in deeper seas, and several species-rich taxonomic groups, especially of smaller organisms, remain poorly studied. Crustacea, Mollusca, and Pisces comprised approximately half of all known species across the regions. The proportion that these and other taxa comprised of all taxa varied sufficiently to question whether the relative number of species within phyla and classes are constant throughout the world. Overfishing and pollution were identified as the main threats to biodiversity across all regions, followed by alien species, altered temperature, acidification, and hypoxia, although their relative importance varied among regions. The findings were replicated worldwide, in both developed and developing countries: i.e. major gaps exist in sampling effort and taxonomic expertise that impair society’s ability to discover new species and identify and understand species of economic and ecological importance. There was a positive relationship between the availability of species identification guides and knowledge of biodiversity, including the number of species and alien species. Available taxonomic guides and experts correlated negatively with endemic species, suggesting that the more we study the ocean the fewer endemic species are evident. There is a need to accelerate the discovery of marine biodiversity, since much of it may be lost without even being known. We discuss how international collaboration between developed and developing countries is essential for improving productivity in the discovery and management of marine biodiversity, and how various sectors may contribute to this.
      </subfield>
    </datafield>
    <datafield tag="100" ind1=" " ind2=" ">
      <subfield code="a">Costello, Mark John</subfield>
      <subfield code="u">
        Leigh Marine Laboratory, University of Auckland, Warkworth, New Zealand,
      </subfield>
    </datafield>
    <datafield tag="037" ind1=" " ind2=" ">
      <subfield code="a">OpenAIRE-HERMIONE-2010-006</subfield>
    </datafield>
    <datafield tag="041" ind1=" " ind2=" ">
      <subfield code="a">eng</subfield>
    </datafield>
  </record>