

  <record>
    <datafield tag="245" ind1=" " ind2=" ">
      <subfield code="a">
        Familial longevity is marked by lower diurnal salivary cortisol levels: the leiden longevity study
      </subfield>
    </datafield>
    <datafield tag="856" ind1="4" ind2=" ">
      <subfield code="u">
        http://zenodo.cern.ch/record/882/files/journal.pone.0031166.pdf
      </subfield>
    </datafield>
    <datafield tag="856" ind1="4" ind2=" ">
      <subfield code="u">
        http://zenodo.cern.ch/record/882/files/journal.pone.0031166.png?subformat=icon-90
      </subfield>
      <subfield code="x">icon-90</subfield>
    </datafield>
    <datafield tag="856" ind1="4" ind2=" ">
      <subfield code="u">
        http://zenodo.org/record/882/files/journal.pone.0031166.pdf
      </subfield>
    </datafield>
    <datafield tag="856" ind1="4" ind2=" ">
      <subfield code="u">
        http://zenodo.org/record/882/files/journal.pone.0031166.png?subformat=icon-90
      </subfield>
      <subfield code="x">icon-90</subfield>
    </datafield>
    <datafield tag="024" ind1="7" ind2=" ">
      <subfield code="2">DOI</subfield>
      <subfield code="a">10.1371/journal.pone.0031166</subfield>
    </datafield>
    <datafield tag="035" ind1=" " ind2=" ">
      <subfield code="a">602094</subfield>
      <subfield code="9">Altmetric</subfield>
    </datafield>
    <datafield tag="909" ind1="C" ind2="4">
      <subfield code="n">2</subfield>
      <subfield code="p">Plos One</subfield>
      <subfield code="v">7</subfield>
      <subfield code="y">2012</subfield>
    </datafield>
    <datafield tag="909" ind1="C" ind2="O">
      <subfield code="o">oai:openaire.cern.ch:882</subfield>
      <subfield code="p">openaire</subfield>
      <subfield code="p">user-zenodo</subfield>
      <subfield code="p">user-ecfunded</subfield>
      <subfield code="q">EC_fundedresources</subfield>
    </datafield>
    <datafield tag="980" ind1=" " ind2=" ">
      <subfield code="a">publication</subfield>
      <subfield code="b">article</subfield>
    </datafield>
    <datafield tag="980" ind1=" " ind2=" ">
      <subfield code="a">user-zenodo</subfield>
    </datafield>
    <datafield tag="980" ind1=" " ind2=" ">
      <subfield code="a">user-ecfunded</subfield>
    </datafield>
    <datafield tag="700" ind1=" " ind2=" ">
      <subfield code="a">Jansen, Steffy</subfield>
      <subfield code="u">
        Department of Gerontology and Geriatrics LUMC Leiden the Netherlands
      </subfield>
    </datafield>
    <datafield tag="700" ind1=" " ind2=" ">
      <subfield code="a">Akintola, Abimbola A</subfield>
      <subfield code="u">
        Department of Gerontology and Geriatrics LUMC Leiden the Netherlands
      </subfield>
    </datafield>
    <datafield tag="700" ind1=" " ind2=" ">
      <subfield code="a">Oei, Nicole YL</subfield>
      <subfield code="u">
        Department of Gerontology and Geriatrics LUMC and Department of Radiology LUMC and Leiden Institute for Brain and Cognition Leiden the Netherlands
      </subfield>
    </datafield>
    <datafield tag="700" ind1=" " ind2=" ">
      <subfield code="a">Maier, Andrea B</subfield>
      <subfield code="u">
        Department of Gerontology and Geriatrics LUMC Leiden the Netherlands and Netherlands Consortium of Healthy Ageing the Netherlands
      </subfield>
    </datafield>
    <datafield tag="700" ind1=" " ind2=" ">
      <subfield code="a">Pijl, Hanno</subfield>
      <subfield code="u">
        Department of Endocrinology LUMC Leiden the Netherlands
      </subfield>
    </datafield>
    <datafield tag="700" ind1=" " ind2=" ">
      <subfield code="a">Westerndorp, Rudi GJ</subfield>
      <subfield code="u">
        Department of Gerontology and Geriatrics LUMC Leiden, the Netherlands and Netherlands Consortium of Healthy Ageing the Netherlands
      </subfield>
    </datafield>
    <datafield tag="700" ind1=" " ind2=" ">
      <subfield code="a">van der Grond, Jeroen</subfield>
      <subfield code="u">
        Department of Radiology LUMC Leiden the Netherlands
      </subfield>
    </datafield>
    <datafield tag="700" ind1=" " ind2=" ">
      <subfield code="a">de Craen, Anton JM</subfield>
      <subfield code="u">
        Department of Gerontology and Geriatrics LUMC Leiden the Netherlands and Netherlands Consortium of Healthy Ageing the Netherlands
      </subfield>
    </datafield>
    <datafield tag="700" ind1=" " ind2=" ">
      <subfield code="a">van Heemst, Diana</subfield>
      <subfield code="u">
        Department of Gerontology and Geriatrics LUMC Leiden and the Netherlands and Netherlands Consortium of Healthy Ageing the Netherlands
      </subfield>
    </datafield>
    <datafield tag="536" ind1=" " ind2=" ">
      <subfield code="a">
        SWITCHBOX - Switchbox: Maintaining health in old age through homeostasis (259772)
      </subfield>
      <subfield code="c">259772</subfield>
    </datafield>
    <datafield tag="542" ind1=" " ind2=" ">
      <subfield code="l">open</subfield>
    </datafield>
    <datafield tag="260" ind1=" " ind2=" ">
      <subfield code="c">2012-02-13</subfield>
    </datafield>
    <datafield tag="520" ind1=" " ind2=" ">
      <subfield code="a">
        Background Reported findings are inconsistent whether hypothalamic-pituitary-adrenal (HPA) signaling becomes hyperactive with increasing age, resulting in increasing levels of cortisol. Our previous research strongly suggests that offspring from long-lived families are biologically younger. In this study we assessed whether these offspring have a lower HPA axis activity, as measured by lower levels of cortisol and higher cortisol feedback sensitivity. Methods Salivary cortisol levels were measured at four time points within the first hour upon awakening and at two time points in the evening in a cohort comprising 149 offspring and 154 partners from the Leiden Longevity Study. A dexamethasone suppression test was performed as a measure of cortisol feedback sensitivity. Age, gender and body mass index, smoking and disease history (type 2 diabetes and hypertension) were considered as possible confounding factors. Results Salivary cortisol secretion was lower in offspring compared to partners in the morning (Area Under the Curve = 15.6 versus 17.1 nmol/L, respectively; p = 0.048) and in the evening (Area Under the Curve = 3.32 versus 3.82 nmol/L, respectively; p = 0.024). Salivary cortisol levels were not different after dexamethasone (0.5 mg) suppression between offspring and partners (4.82 versus 5.26 nmol/L, respectively; p = 0.28). Conclusion Offspring of nonagenarian siblings are marked by a lower HPA axis activity (reflected by lower diurnal salivary cortisol levels), but not by a difference in cortisol feedback sensitivity. Further in-depth studies aimed at characterizing the HPA axis in offspring and partners are needed.
      </subfield>
    </datafield>
    <datafield tag="041" ind1=" " ind2=" ">
      <subfield code="a">eng</subfield>
    </datafield>
    <datafield tag="100" ind1=" " ind2=" ">
      <subfield code="a">Noordam, Raymond</subfield>
      <subfield code="u">
        Department of Gerontology and Geriatrics LUMC Leiden the Netherlands
      </subfield>
    </datafield>
    <datafield tag="037" ind1=" " ind2=" ">
      <subfield code="a">OpenAIRE-SWITCHBOX-2012-001</subfield>
    </datafield>
    <datafield tag="500" ind1=" " ind2=" ">
      <subfield code="a">On behalf of the Leiden Longevity Study group</subfield>
    </datafield>
  </record>